@article{Radhakrishnan_2006,
  added-at = {2014-08-26T19:05:18.000+0200},
  author = {Radhakrishnan, Jaikumar and Sudan, Madhu},
  biburl = {http://www.bibsonomy.org/bibtex/2b618df2273b7a9242e4db23fb8db5317/ytyoun},
  doi = {10.1090/s0273-0979-06-01143-8},
  interhash = {d37b872a96c0fed50f3d75dc9d23c9a9},
  intrahash = {b618df2273b7a9242e4db23fb8db5317},
  journal = {Bulletin of the American Mathematical Society},
  keywords = {pcp},
  month = sep,
  number = 01,
  pages = {19--62},
  publisher = {American Mathematical Society},
  timestamp = {2014-08-26T19:05:18.000+0200},
  title = {On Dinur's proof of the PCP theorem},
  volume = 44,
  year = 2006
}

@unpublished{harsha_2005,
  author = {Harsha, Prahladh},
  title = {Lecture 9: Dinur's Proof of the PCP Theorem},
  year = 2005,
  month = may,
}